@article{parkinsonhistoria,
	title={Historia de la enfermedad de Parkinson},
	author={Dr. Patricio Tagle},
	year={2019}
}
@article{sveinbjornsdottir2016clinical,
	title={The clinical symptoms of Parkinson's disease},
	author={Sveinbjornsdottir, Sigurlaug},
	journal={Journal of neurochemistry},
	volume={139},
	pages={318--324},
	year={2016},
	publisher={Wiley Online Library}
}
@article{parkinson2002essay,
	title={An essay on the shaking palsy},
	author={Parkinson, James},
	journal={The Journal of neuropsychiatry and clinical neurosciences},
	volume={14},
	number={2},
	pages={223--236},
	year={2002},
	publisher={Am Neuropsych Assoc}
}
@article{frank2006approach,
	title={Approach to diagnosis of Parkinson disease.},
	author={Frank, Christopher and Pari, Giovanna and Rossiter, John P},
	journal={Canadian family physician},
	volume={52},
	number={7},
	pages={862--868},
	year={2006},
	publisher={The College of Family Physicians of Canada}
}

@article{cortex58,
	title={SINGLE UNIT ACTIVITY IN STRIATE CORTEX OF UNRESTRAINED CATS},
	author={D. H. HUBEL},
	year={1958},
	publisher={Department of Neurophysiology, Walter Reed Army Institute of Research, Walter Reed Army Medical Center}
}

@article{cortex59,
	title={ECEPTIVE FIELDS OF SINGLE NEURONES IN THE CAT'S STRIATE CORTEX},
	author={D. H. HUBEL, T. N. WIESEL},
	year={1959},
	publisher={Wilmer Institute, The Johns Hopkins Hospital and University}
}

@article{neocognitron,
	title={Neocognitron: A Self-organizing Neural Network Model for a Mechanism of Pattern Recognition Unaffected by Shift in Position },
	author={Kunihiko Fukushima},
	year={1980},
	publisher={NHK Broadcasting Science Research Laboratorie}
}

@article{sapir2007effects,
	title={Effects of intensive voice treatment (the Lee Silverman Voice Treatment [LSVT]) on vowel articulation in dysarthric individuals with idiopathic Parkinson disease: acoustic and perceptual findings},
	author={Sapir, Shimon and Spielman, Jennifer L and Ramig, Lorraine O and Story, Brad H and Fox, Cynthia},
	year={2007},
	publisher={ASHA}
}

@article{gil2009diagnosing,
	title={Diagnosing Parkinson by using artificial neural networks and support vector machines},
	author={Gil, David and Manuel, Devadoss Johnson},
	journal={Global Journal of Computer Science and Technology},
	volume={9},
	number={4},
	year={2009},
	publisher={Citeseer}
}

@article{belic2019artificial,
	title={Artificial intelligence for assisting diagnostics and assessment of Parkinson’s disease—A review},
	author={Minja Belić, Vladislava Bobić, Milica Badža, Nikola Šolaja, Milica Đurić-Jovičić, Vladimir S.Kostić},
	journal={Clinical neurology and neurosurgery},
	volume={184},
	pages={105442},
	year={2019},
	publisher={Elsevier}
}

@book{deeplearningygrabaciones,
	title={Diagnóstico de la enfermedad de Parkinson usando deep learning y grabaciones de voz mediante teléfono móvil},
	author={Belén García-Botija Aldana},
	pages = {52},
	year = {2018-2019},
	publisher = {Universidad Politécnica de Madrid}
}

@article{cnntoformantmeasures,
	title={Identification of Parkinson's Disease from Speech using CNNs and Formant Measures},
	author={},
	journal={},
	volume={},
	pages={},
	year={},
	publisher={}
}

@book{handsonmachinelearning,
	title={Hands-On Machine Learning with Scikit-Learn, Keras, and TensorFlow},
	author={Aurélien Géron},
	year = {2019},
	publisher = {O’Reilly Media, Inc.}
}

@misc{datascienceZscore,
	author = {Data Science Team},
	title = {{MATEMÁTICA Y ESTADÍSTICA ¿Qué es un Z-Score?}},
	howpublished = "\url{https://datascience.eu/es/matematica-y-estadistica/que-es-un-z-score/}",
	year = {2020}, 
	note = "[Online; accedido 04-05-2022]"
}

@misc{normalizeSkLearn,
	author = {Jeff Hale},
	title = {{Scale, Standardize, or Normalize with Scikit-Learn}},
	howpublished = "\url{{https://towardsdatascience.com/scale-standardize-or-normalize-with-scikit-learn-6ccc7d176a02#:~:text=types%20of%20scales-,RobustScaler,value%20%E2%80%94%2025%25%20value).}}",
	year = {2019}, 
	note = "[Online; accedido 04-05-2022]"
}

@misc{dateTestsDefs,
	author = {Jason Brownlee},
	title = {{What is the Difference Between Test and Validation Datasets?}},
	howpublished = "\url{https://machinelearningmastery.com/difference-test-validation-datasets/}",
	year = {2017}, 
	note = "[Online; accedido 04-05-2022]"
}

@misc{normalizationTechniques,
	author = {},
	title = {{Normalization  |  Data Preparation and feature engineering for Machine Learning  |  google developers}},
	howpublished = "\url{https://developers.google.com/machine-learning/data-prep/transform/normalization}",
	year = {unknown}, 
	note = "[Online; accedido 04-05-2022]"
}

@misc{normalization,
	author = {Codecademy Team},
	title = {{Normalization}},
	howpublished = "\url{https://www.codecademy.com/article/normalization}",
	year = {unknown}, 
	note = "[Online; accedido 04-05-2022]"
}

@misc{VGG16implementation,
	author = {Rohit Thakur},
	title = {{Step by step VGG16 implementation in Keras for beginners}},
	howpublished = "\url{https://towardsdatascience.com/step-by-step-vgg16-implementation-in-keras-for-beginners-a833c686ae6c}",
	year = {2019}, 
	note = "[Online; accedido 17-05-2022]"
}

@misc{VGGinfo,
	author = {Gaudez Boesch},
	title = {{VGG Very Deep Convolutional Networks (VGGNet) - what you need to know}},
	howpublished = "\url{https://viso.ai/deep-learning/vgg-very-deep-convolutional-networks/}",
	year = {unknown}, 
	note = "[Online; accedido 19-05-2022]"
}

@misc{VGGimg,
	author = {Karen Simonyan, Andrew Zisserman},
	title = {{Very Deep Convolutional Networks for Large-Scale Image Recognition}},
	howpublished = "\url{https://arxiv.org/abs/1409.1556v6	}",
	year = {2015}, 
	note = "[Online; accedido 19-05-2022]"
}

@misc{Vanishing,
	author = {Yash Bohra},
	title = {{The Challenge of Vanishing/Exploding Gradients in Deep Neural Networks}},
	howpublished = "\url{https://www.analyticsvidhya.com/blog/2021/06/the-challenge-of-vanishing-exploding-gradients-in-deep-neural-networks/}",
	year = {2021}, 
	note = "[Online; accedido 02-06-2022]"
}

@misc{classWeights,
	author = {Kamaldeep Singh},
	title = {{How to Improve Class Imbalance using Class Weights in Machine Learning}},
	howpublished = "\url{https://www.analyticsvidhya.com/blog/2020/10/improve-class-imbalance-class-weights/}",
	year = {2020}, 
	note = "[Online; accedido 08-06-2022]"
}

@misc{kerasDocs,
	author = {},
	title = {{Keras}},
	howpublished = "\url{https://keras.io/}",
	year = {}, 
	note = "[Online; accedido 07-06-2022]"
}

@misc{binnaryCrossentropy,
	author = {Daniel Godoy},
	title = {{Understanding binary cross-entropy / log loss: a visual explanation}},
	howpublished = "\url{https://keras.io/}",
	year = {2018}, 
	note = "[Online; accedido 05-06-2022]"
}

@misc{learningRates,
	author = {Jason Brownlee},
	title = {{Understand the Impact of Learning Rate on Neural Network Performance}},
	howpublished = "\url{https://machinelearningmastery.com/understand-the-dynamics-of-learning-rate-on-deep-learning-neural-networks/}",
	year = {2019}, 
	note = "[Online; accedido 06-06-2022]"
}

@misc{RMSprop,
	author = {Ayoosh Kathuria},
	title = {{Intro to optimization in deep learning: Momentum, RMSProp and Adam}},
	howpublished = "\url{https://blog.paperspace.com/intro-to-optimization-momentum-rmsprop-adam/}",
	year = {2018}, 
	note = "[Online; accedido 09-06-2022]"
}

@misc{regularization,
	author = {Anuja Nagpal},
	title = {{L1 and L2 Regularization Methods}},
	howpublished = "\url{https://towardsdatascience.com/l1-and-l2-regularization-methods-ce25e7fc831c}",
	year = {2017}, 
	note = "[Online; accedido 09-06-2022]"
}